@article{1053827,
  author={Abend, K. and Harley, T. and Kanal, L.},
  journal={IEEE Transactions on Information Theory},
  title={Classification of binary random patterns},
  year={1965},
  volume={11},
  number={4},
  pages={538-544},
  doi={10.1109/TIT.1965.1053827}
}

@article{chow1968approximating,
  title={Approximating discrete probability distributions with dependence trees},
  author={Chow, CKCN and Liu, Cong},
  journal={IEEE transactions on Information Theory},
  volume={14},
  number={3},
  pages={462--467},
  year={1968},
  publisher={IEEE}
}

@article{cortes1995support,
  title={Support-vector networks},
  author={Cortes, Corinna and Vapnik, Vladimir},
  journal={Machine learning},
  volume={20},
  number={3},
  pages={273--297},
  year={1995},
  publisher={Springer}
}

@incollection{fukushima1982neocognitron,
  title={Neocognitron: A self-organizing neural network model for a mechanism of visual pattern recognition},
  author={Fukushima, Kunihiko and Miyake, Sei},
  booktitle={Competition and cooperation in neural nets},
  pages={267--285},
  year={1982},
  publisher={Springer}
}
